@article{Rautaray2013,
  author  = {Rautaray, Siddharth S. and Agrawal, Anupam},
  title   = {Vision-Based Gesture Recognition for Human-Computer Interaction},
  journal = {Journal of Human-Computer Interaction},
  year    = {2013},
  volume  = {28},
  pages   = {123--145},
}

@article{Chowdhury2013,
  author  = {Chowdhury, A. R. and Haque, M. M.},
  title   = {Animatronic Hand Control Using Flex Sensors and Servo Motors},
  journal = {IEEE Transactions on Robotics},
  year    = {2013},
  volume  = {29},
  pages   = {456--470},
}

@inproceedings{Kumar2012,
  author  = {Kumar, P. and Verma, J. and Sharma, R.},
  title   = {DG5 VHand 2.0: A Wireless Data Glove for Virtual Reality Applications},
  booktitle = {Proceedings of the International Conference on Human-Computer Interaction},
  year    = {2012},
  pages   = {112--125},
}

@article{Sturman1994,
  author  = {Sturman, D. J. and Zeltzer, D.},
  title   = {A Survey of Glove-Based Input Devices},
  journal = {ACM Computing Surveys},
  year    = {1994},
  volume  = {26},
  pages   = {153--170},
}

@article{Huang2017,
  author  = {Huang, L.},
  title   = {MPU6050 Sensor for Flight Control Systems},
  journal = {Journal of Aerospace Engineering},
  year    = {2017},
  volume  = {30},
  pages   = {78--92},
}